@article{ghewari2015predicting,
  title={Predicting cuisine from ingredients},
  author={Ghewari, Rishikesh and Raiyani, Sunil},
  journal={University of California San Diego},
  year={2015}
}

@inproceedings{jayaraman2017analysis,
  title={Analysis of classification models based on cuisine prediction using machine learning},
  author={Jayaraman, Shobhna and Choudhury, Tanupriya and Kumar, Praveen},
  booktitle={2017 International Conference On Smart Technologies For Smart Nation (SmartTechCon)},
  pages={1485--1490},
  year={2017},
  organization={IEEE}
}

@article{kumar2016cuisine,
  title={Cuisine prediction based on ingredients using tree boosting algorithms},
  author={Kumar, RM Rahul Venkatesh and Kumar, M Anand and Soman, KP},
  journal={Indian Journal of Science and Technology},
  volume={9},
  number={45},
  pages={12},
  year={2016}
}

@inproceedings{kalajdziski2018cuisine,
  title={Cuisine classification using recipe's ingredients},
  author={Kalajdziski, Slobodan and Radevski, G and Ivanoska, Ilinka and Trivodaliev, Kire and Stojkoska, B Risteska},
  booktitle={2018 41st International Convention on Information and Communication Technology, Electronics and Microelectronics (MIPRO)},
  pages={1074--1079},
  year={2018},
  organization={IEEE}
}


@inproceedings{sarwar2001item,
  title={Item-based collaborative filtering recommendation algorithms},
  author={Sarwar, Badrul and Karypis, George and Konstan, Joseph and Riedl, John},
  booktitle={Proceedings of the 10th international conference on World Wide Web},
  pages={285--295},
  year={2001}
}

@inproceedings{wang2006unifying,
  title={Unifying user-based and item-based collaborative filtering approaches by similarity fusion},
  author={Wang, Jun and De Vries, Arjen P and Reinders, Marcel JT},
  booktitle={Proceedings of the 29th annual international ACM SIGIR conference on Research and development in information retrieval},
  pages={501--508},
  year={2006}
}

@article{su2009survey,
  title={A survey of collaborative filtering techniques},
  author={Su, Xiaoyuan and Khoshgoftaar, Taghi M},
  journal={Advances in artificial intelligence},
  volume={2009},
  year={2009},
  publisher={Hindawi}
}


@inproceedings{metrics,
  title={Comparison of various metrics used in collaborative filtering for recommendation system},
  author={Kumar, Anuranjan and Gupta, Sahil and Singh, Sanjay Kumar and Shukla, Kaushal K},
  booktitle={2015 Eighth International Conference on Contemporary Computing (IC3)},
  pages={150--154},
  year={2015},
  organization={IEEE}
}
  
@article{cf_method1,
  title={Collaborative filtering for binary, positiveonly data},
  author={Verstrepen, Koen and Bhaduriy, Kanishka and Cule, Boris and Goethals, Bart},
  journal={ACM SIGKDD Explorations Newsletter},
  volume={19},
  number={1},
  pages={1--21},
  year={2017},
  publisher={ACM New York, NY, USA}
}

@inproceedings{cf_method2,
  title={Hybrid recommendation models for binary user preference prediction problem},
  author={Lai, Siwei and Liu, Yang and Gu, Huxiang and Xu, Liheng and Liu, Kang and Xiang, Shiming and Zhao, Jun and Diao, Rui and Xiang, Liang and Li, Hang and others},
  booktitle={Proceedings of KDD Cup 2011},
  pages={137--151},
  year={2012},
  organization={PMLR}
}

@article{Koren2009,
  author={Y. {Koren} and R. {Bell} and C. {Volinsky}},
  journal={Computer}, 
  title={Matrix Factorization Techniques for Recommender Systems}, 
  year={2009},
  volume={42},
  number={8},
  pages={30-37},
  doi={10.1109/MC.2009.263}}
  
@article{genre,
title = {A movie recommendation algorithm based on genre correlations},
journal = {Expert Systems with Applications},
volume = {39},
number = {9},
pages = {8079-8085},
year = {2012},
issn = {0957-4174},
doi = {https://doi.org/10.1016/j.eswa.2012.01.132},
url = {https://www.sciencedirect.com/science/article/pii/S0957417412001509},
author = {Sang-Min Choi and Sang-Ki Ko and Yo-Sub Han},
keywords = {Recommendation algorithm, Genre correlation, Cold-start problem, Sparsity problem}
}

@article{bridge,
title = {Movie recommendation based on bridging movie feature and user interest},
journal = {Journal of Computational Science},
volume = {26},
pages = {128-134},
year = {2018},
issn = {1877-7503},
doi = {https://doi.org/10.1016/j.jocs.2018.03.009},
url = {https://www.sciencedirect.com/science/article/pii/S1877750318300012},
author = {Jing Li and Wentao Xu and Wenbo Wan and Jiande Sun},
keywords = {Recommendation system, Data sparsity, Change of user interest, User interest, Movie feature}
}
